<record><leader>00000cas a2200000Ma 4500</leader><controlfield tag="001">10818804</controlfield><controlfield tag="008">840608d18671873vtuwr ne      0    0eng d</controlfield><controlfield tag="009">330</controlfield><datafield ind1=" " ind2=" " tag="010"><subfield code="a">sn 84023231 </subfield></datafield><datafield ind1=" " ind2=" " tag="040"><subfield code="a">AQM</subfield><subfield code="b">eng</subfield><subfield code="c">AQM</subfield></datafield><datafield ind1="0" ind2="0" tag="245"><subfield code="a">Rutland County journal.</subfield></datafield><datafield ind1="0" ind2="7" tag="246"><subfield code="a">Rutland independent</subfield></datafield><datafield ind1=" " ind2=" " tag="260"><subfield code="a">Poultney, Vt. :</subfield><subfield code="b">James K. McLean,</subfield></datafield><datafield ind1=" " ind2=" " tag="300"><subfield code="a">v.</subfield></datafield><datafield ind1=" " ind2=" " tag="310"><subfield code="a">Weekly</subfield></datafield><datafield ind1="1" ind2=" " tag="362"><subfield code="a">Began in 1867; ceased in Dec. 1873?</subfield><subfield code="z">Cf. Amer. newspapers, 1821-1936.</subfield></datafield><datafield ind1=" " ind2="7" tag="655"><subfield code="a">Newspapers.</subfield><subfield code="2">rbgenr</subfield></datafield><datafield ind1=" " ind2=" " tag="752"><subfield code="a">United States</subfield><subfield code="b">Vermont</subfield><subfield code="c">Rutland</subfield><subfield code="d">Poultney.</subfield></datafield><datafield ind1="0" ind2="7" tag="785"><subfield code="t">Poultney bulletin</subfield><subfield code="w">(DLC)sn 84023232</subfield></datafield><datafield ind1="0" ind2="7" tag="785"><subfield code="t">Poultney journal</subfield><subfield code="w">(DLC)sn 84023233</subfield></datafield></record>